<record><leader>00000cas a22000007a 4500</leader><controlfield tag="001">15862044</controlfield><controlfield tag="008">870608d18961913inudn ne      0    0eng d</controlfield><datafield ind1=" " ind2=" " tag="010"><subfield code="a">sn 87056030 </subfield></datafield><datafield ind1=" " ind2=" " tag="040"><subfield code="a">NPI</subfield><subfield code="b">eng</subfield><subfield code="c">NPI</subfield><subfield code="d">OCLCQ</subfield></datafield><datafield ind1=" " ind2=" " tag="042"><subfield code="a">msc</subfield></datafield><datafield ind1="0" ind2=" " tag="130"><subfield code="a">Logansport Pharos (Logansport, Ind. : Daily)</subfield></datafield><datafield ind1="1" ind2="0" tag="245"><subfield code="a">Logansport Pharos.</subfield></datafield><datafield ind1=" " ind2=" " tag="260"><subfield code="a">[Logansport, Ind] :</subfield><subfield code="b">Louthain &amp; Barnes,</subfield><subfield code="c">1896-</subfield></datafield><datafield ind1=" " ind2=" " tag="310"><subfield code="a">Daily (except Sun.)</subfield></datafield><datafield ind1="0" ind2=" " tag="362"><subfield code="a">21st year, no. no. 137 (Apr. 6, 1896)-</subfield></datafield><datafield ind1=" " ind2=" " tag="580"><subfield code="a">Issued also in weekly edition called: Saturday Pharos.</subfield></datafield><datafield ind1=" " ind2=" " tag="752"><subfield code="a">United States</subfield><subfield code="b">Indiana</subfield><subfield code="c">Cass</subfield><subfield code="d">Logansport.</subfield></datafield><datafield ind1="1" ind2=" " tag="775"><subfield code="t">Saturday Pharos</subfield><subfield code="w">(DLC)sn 87056031</subfield></datafield><datafield ind1="0" ind2="0" tag="780"><subfield code="t">Logansport daily Pharos (Logansport, Ind. : 1881)</subfield><subfield code="w">(DLC)sn 87056028</subfield></datafield><datafield ind1="0" ind2="7" tag="785"><subfield code="t">Daily reporter (Logansport, Ind.)</subfield><subfield code="w">(DLC)sn 87056035</subfield></datafield><datafield ind1="0" ind2="7" tag="785"><subfield code="t">Daily Pharos-reporter</subfield><subfield code="w">(DLC)sn 87056042</subfield></datafield></record>